<record><leader>00000cas a22000007a 4500</leader><controlfield tag="001">31640531</controlfield><controlfield tag="008">941209d19451945azuwr ne     o0    0eng d</controlfield><datafield ind1=" " ind2=" " tag="010"><subfield code="a">sn 95060816 </subfield></datafield><datafield ind1=" " ind2=" " tag="040"><subfield code="a">ANN</subfield><subfield code="b">eng</subfield><subfield code="c">ANN</subfield><subfield code="d">OCLCQ</subfield><subfield code="d">OCLCO</subfield></datafield><datafield ind1="1" ind2=" " tag="029"><subfield code="a">AU@</subfield><subfield code="b">000012176278</subfield></datafield><datafield ind1=" " ind2=" " tag="042"><subfield code="a">msc</subfield></datafield><datafield ind1=" " ind2=" " tag="043"><subfield code="a">n-us---</subfield><subfield code="a">n-us-az</subfield></datafield><datafield ind1="0" ind2=" " tag="130"><subfield code="a">Post script (Fort Huachuca, Ariz. : 1945)</subfield></datafield><datafield ind1="1" ind2="0" tag="245"><subfield code="a">Post script.</subfield></datafield><datafield ind1="3" ind2="0" tag="246"><subfield code="a">Postscript</subfield></datafield><datafield ind1=" " ind2=" " tag="260"><subfield code="a">Fort Huachuca, Ariz. :</subfield><subfield code="b">Special Service Command Unit, 1922</subfield></datafield><datafield ind1=" " ind2=" " tag="300"><subfield code="a">v. :</subfield><subfield code="b">ill.</subfield></datafield><datafield ind1="1" ind2=" " tag="362"><subfield code="a">Began May 4, 1945.</subfield></datafield><datafield ind1="0" ind2=" " tag="362"><subfield code="a">-v. 2, no. 6 (June 15, 1945).</subfield></datafield><datafield ind1="1" ind2="0" tag="610"><subfield code="a">United States.</subfield><subfield code="b">Army.</subfield><subfield code="b">Special Service Command, 1922nd.</subfield></datafield><datafield ind1=" " ind2="0" tag="651"><subfield code="a">Fort Huachuca (Ariz.)</subfield><subfield code="v">Newspapers.</subfield></datafield><datafield ind1=" " ind2="0" tag="651"><subfield code="a">Cochise County (Ariz.)</subfield><subfield code="v">Newspapers.</subfield></datafield><datafield ind1=" " ind2=" " tag="752"><subfield code="a">United States.</subfield><subfield code="b">Arizona</subfield><subfield code="c">Cochise</subfield><subfield code="d">Fort Huachuca.</subfield></datafield><datafield ind1="0" ind2="0" tag="780"><subfield code="t">Apache sentinel (Fort Huachuca, Ariz. : 1944)</subfield><subfield code="w">(DLC)sn 95060814</subfield><subfield code="w">(OCoLC)31640434</subfield></datafield><datafield ind1="0" ind2="0" tag="785"><subfield code="t">Postscript of the Apache sentinel</subfield><subfield code="w">(DLC)sn 95060817</subfield><subfield code="w">(OCoLC)31640589</subfield></datafield></record>